@article{berryman,
  title={Random close packing of hard spheres and disks},
  author={Berryman, James G},
  journal={Physical Review A},
  volume={27},
  number={2},
  pages={1053},
  year={1983},
  publisher={APS}
}