@article{torquato,
  title={Is random close packing of spheres well defined?},
  author={Torquato, Salvatore and Truskett, Thomas M and Debenedetti, Pablo G},
  journal={Physical review letters},
  volume={84},
  number={10},
  pages={2064},
  year={2000},
  publisher={APS}
}
@misc{eric,
author={Eric Weisstein},
title={Cubic Close Packing},
url={http://mathworld.wolfram.com/CubicClosePacking.html},
journal={from Wolfram MathWorld-A Wolfram Web Resource},
}
@misc{wikipedia_2018, 
title={Close-packing of equal spheres}, 
url={https://en.wikipedia.org/wiki/Close-packing\_of\_equal\_spheres},
journal={Wikipedia}, 
publisher={Wikimedia Foundation}, 
year={2018}, 
month={Feb}
}