@InBook{Modern,
	author = {D. Kandepudi and I. Prigogine},
	editor = {a},
	title = {Modern Thermodynamics},
	chapter = {1}
}
@InBook{Stats,
	author = {D. McQuarrie},
	title = {Statistical Mechanics},
	chapter = {13-14}
}